% Encoding: UTF-8
@Book{Smith2016,
  author    = {Smith, Craig},
  publisher = {Random House LCC US},
  title     = {The Car Hacker's Handbook},
  year      = {2016},
  isbn      = {1593277032},
  date      = {2016-10-24},
  ean       = {9781593277031},
  url       = {https://www.ebook.de/de/product/24990222/craig_smith_the_car_hacker_s_handbook.html},
}

 @misc{scapy,
   title        = {Scapy},
   howpublished = {\url{https://scapy.net/}},
   note         = {[Online; accessed 22-February-2020]},
   author       = {Biondi, Philippe},
   year         = {2021}
}

 @misc{pets3,
   title        = {PetS3},
   howpublished = {\url{https://www.e-mundo.de/de/news/forschungsprojekt-zu-it-sicherheit-im-fahrzeug}},
   note         = {[Online; accessed 22-February-2021]},
   author       = {eMundo GmbH},
   year         = {2018}
}

@TechReport{iso14229,
  author = {{International Organization for Standardization}},
  title  = {{ISO 14229-1:2020 Road vehicles — Unified diagnostic services (UDS)}},
  year   = {2020},
  month  = feb,
  type   = {Standard},
}
% Datatracker information for RFCs on the Legacy Stream is unfortunately often
% incorrect. Please correct the bibtex below based on the information in the
% actual RFC at https://rfc-editor.org/rfc/rfc768.txt

@Misc{udp,
  howpublished = {RFC 768},
  month        = aug,
  title        = {{User Datagram Protocol}},
  year         = {1980},
  doi          = {10.17487/RFC0768},
  number       = {768},
  pagetotal    = {3},
  publisher    = {RFC Editor},
  series       = {Request for Comments},
  url          = {https://rfc-editor.org/rfc/rfc768.txt},
}

@article{udp_header,
author = {Hoang, Doan and Pye, K},
year = {1995},
month = {01},
pages = {},
title = {Computer Communication Networks—Lecture Notes}
}

@InProceedings{Weiss2020,
  author    = {Nils Weiss and Sebastian Renner and Jürgen Mottok and V{\'{a}}clav Matou{\v{s}}ek},
  booktitle = {Computer Science in Cars Symposium},
  title     = {Transport Layer Scanning for Attack Surface Detection in Vehicular Networks},
  year      = {2020},
  month     = {dec},
  publisher = {{ACM}},
  doi       = {10.1145/3385958.3430476},
}

@Misc{scapy-py2,
  author = {Pierre Lalet},
  month  = feb,
  note   = {[Online; accessed 22-February-2021]},
  title  = {Scapy},
  year   = {2019},
  url    = {https://github.com/secdev/scapy/issues/1845#issuecomment-463422502},
}

@Misc{isotp-module,
  author = {Oliver Hartkopp},
  month  = jun,
  note   = {[Online; accessed 22-February-2021]},
  title  = {CAN-ISOTP},
  year   = {2017},
  url    = {https://github.com/hartkopp/can-isotp},
}

@Misc{isotp-commit,
  author       = {Oliver Hartkopp},
  url          = {https://git.kernel.org/pub/scm/linux/kernel/git/torvalds/linux.git/commit/?id=e057dd3fc20ffb3d7f150af46542a51b59b90127},
  month        = sep,
  note         = {[Online; accessed 22-February-2021]},
  title        = {kernel.org},
  year         = {2020},
}

@Misc{can-utils,
  author = {{Volkswagen Group Electronic Research}},
  month  = feb,
  note   = {[Online; accessed 23-February-2021]},
  title  = {can-utils},
  year   = {2021},
  url    = {https://github.com/linux-can/can-utils},
}

@Misc{pickle,
  author = {{The Python Software Foundation}},
  month  = feb,
  note   = {[Online; accessed 23-February-2021]},
  title  = {Python object serialization},
  year   = {2021},
  url    = {https://docs.python.org/3/library/pickle.html},
}

@Misc{plotly,
  author = {{Plotly}},
  month  = feb,
  note   = {[Online; accessed 23-February-2021]},
  title  = {{Plotly Python Open Source Graphing Library}},
  year   = {2021},
  url    = {https://plotly.com/python/},
}

@article{pareto,
  author = {Ivančić, Valentina},
  year = {2014},
  month = {11},
  pages = {633-656},
  title = {Improving the Decision Making Process through the Pareto Principle Application},
  volume = {XXIII},
  journal = {Economic Thought and Practice}
}

@Comment{jabref-meta: databaseType:bibtex;}
